<collection xmlns="http://www.loc.gov/MARC21/slim"><record><leader>00741nam  2200217   450</leader><controlfield tag="001">834</controlfield><controlfield tag="003">http://montalegre.opacnet.com/OPAC/default.aspx?ContentAreaControl=ShowRegHoldings.ascx&amp;RegNo=16662</controlfield><controlfield tag="005">20</controlfield><datafield tag="100" ind1=" " ind2=" "><subfield code="a">20061013d1980    k  y0pory010305  ba</subfield></datafield><datafield tag="101" ind1="0" ind2=" "><subfield code="a">por</subfield></datafield><datafield tag="102" ind1=" " ind2=" "><subfield code="a">PT</subfield></datafield><datafield tag="200" ind1="1" ind2=" "><subfield code="a">De mãos dadas, estrada fora...</subfield><subfield code="f">Luisa Dacosta</subfield><subfield code="g">ilust. de Jorge Pinheiro</subfield></datafield><datafield tag="210" ind1=" " ind2=" "><subfield code="a">Porto</subfield><subfield code="c">Livraria Figueirinhas</subfield><subfield code="d">1980</subfield></datafield><datafield tag="215" ind1=" " ind2=" "><subfield code="a">149 p.</subfield><subfield code="c">il.</subfield><subfield code="d">21 cm</subfield></datafield><datafield tag="675" ind1=" " ind2=" "><subfield code="a">821.134.3</subfield><subfield code="v">BN</subfield><subfield code="z">por</subfield></datafield><datafield tag="675" ind1=" " ind2=" "><subfield code="a">087.5</subfield><subfield code="v">BN</subfield><subfield code="z">por</subfield></datafield><datafield tag="702" ind1=" " ind2="1"><subfield code="a">Dacosta</subfield><subfield code="b">Luísa</subfield><subfield code="f">1927-</subfield><subfield code="4">340</subfield></datafield><datafield tag="702" ind1=" " ind2="1"><subfield code="a">Pinheiro</subfield><subfield code="b">Jorge</subfield><subfield code="f">1931-</subfield><subfield code="4">440</subfield></datafield><datafield tag="801" ind1=" " ind2="0"><subfield code="a">PT</subfield><subfield code="b">Biblioteca Municipal de Montalegre</subfield><subfield code="g">RPC</subfield></datafield><datafield tag="856" ind1=" " ind2=" "><subfield code="u">locateMedia.asp?cod=20060626155147&amp;ext=jpg</subfield><subfield code="z">CAPA</subfield></datafield><datafield tag="909" ind1="&#9;" ind2=" "><subfield code="a">2</subfield></datafield><datafield tag="966" ind1=" " ind2=" "><subfield code="a">0003369</subfield><subfield code="l">BMM</subfield><subfield code="s">SJ 821.134.3 DAC mão 3</subfield></datafield><datafield tag="966" ind1=" " ind2=" "><subfield code="a">1003038</subfield><subfield code="l">BEM</subfield><subfield code="s">BEM 821.134.3 DAC</subfield></datafield></record></collection>